%% This BibTeX bibliography file was created using BibDesk.
%% http://bibdesk.sourceforge.net/


%% Created for Thibault Sellam at 2015-10-09 16:46:10 +0200 


%% Saved with string encoding Unicode (UTF-8) 



@inproceedings{dimitriadou2014explore,
	Author = {Dimitriadou, Kyriaki and Papaemmanouil, Olga and Diao, Yanlei},
	Booktitle = {Proc. SIGMOD},
	Date-Added = {2015-10-09 14:45:52 +0000},
	Date-Modified = {2015-10-09 14:46:10 +0000},
	Organization = {ACM},
	Pages = {517--528},
	Title = {Explore-by-example: An automatic query steering framework for interactive data exploration},
	Year = {2014}}

@inproceedings{liarou2014dbtouch,
	Author = {Liarou, Erietta and Idreos, Stratos},
	Booktitle = {Proc. ICDE},
	Date-Added = {2015-10-09 14:44:40 +0000},
	Date-Modified = {2015-10-09 14:45:16 +0000},
	Organization = {IEEE},
	Pages = {1262--1265},
	Title = {dbTouch in action database kernels for touch-based data exploration},
	Year = {2014}}

@inproceedings{sellam2013meet,
	Author = {Sellam, Thibault and Kersten, Martin L},
	Booktitle = {CIDR},
	Date-Added = {2015-10-09 14:43:48 +0000},
	Date-Modified = {2015-10-09 14:43:48 +0000},
	Title = {Meet Charles, big data query advisor.},
	Year = {2013}}

@inproceedings{abouzied2012dataplay,
	Author = {Abouzied, Azza and Hellerstein, Joseph and Silberschatz, Avi},
	Booktitle = {USIT},
	Date-Added = {2015-10-09 14:43:01 +0000},
	Date-Modified = {2015-10-09 14:43:08 +0000},
	Organization = {ACM},
	Pages = {207--218},
	Title = {DataPlay: interactive tweaking and example-driven correction of graphical database queries},
	Year = {2012}}

@inproceedings{loekito2008mining,
	Author = {Loekito, Elsa and Bailey, James},
	Booktitle = {Proc. CIKM},
	Date-Added = {2015-10-09 14:21:16 +0000},
	Date-Modified = {2015-10-09 14:21:25 +0000},
	Organization = {ACM},
	Pages = {971--980},
	Title = {Mining influential attributes that capture class and group contrast behaviour},
	Year = {2008}}

@article{angiulli2009detecting,
	Author = {Angiulli, Fabrizio and Fassetti, Fabio and Palopoli, Luigi},
	Date-Added = {2015-10-09 14:20:20 +0000},
	Date-Modified = {2015-10-09 14:21:42 +0000},
	Journal = {TODS},
	Number = {1},
	Pages = {7},
	Publisher = {ACM},
	Title = {Detecting outlying properties of exceptional objects},
	Volume = {34},
	Year = {2009}}

@inproceedings{knorr1999finding,
	Author = {Knorr, Edwin M and Ng, Raymond T},
	Booktitle = {Proc. VLDB},
	Date-Added = {2015-10-09 14:19:39 +0000},
	Date-Modified = {2015-10-09 14:20:46 +0000},
	Pages = {211--222},
	Title = {Finding intensional knowledge of distance-based outliers},
	Volume = {99},
	Year = {1999}}

@inproceedings{webb2008detecting,
	Author = {Webb, Geoffrey I and Butler, Shane and Newlands, Douglas},
	Booktitle = {Proc. SIGKDD},
	Date-Added = {2015-10-09 14:19:06 +0000},
	Date-Modified = {2015-10-09 14:31:14 +0000},
	Organization = {ACM},
	Pages = {256--265},
	Title = {On detecting differences between groups},
	Year = {2003}}
